@article{shrimali2019simple,
  title={A simple explicit homogenization solution for the macroscopic elastic response of isotropic porous elastomers},
  author={Shrimali, Bhavesh and Lef{\`e}vre, Victor and Lopez-Pamies, Oscar},
  journal={Journal of the Mechanics and Physics of Solids},
  volume={122},
  pages={364--380},
  year={2019},
  publisher={Elsevier}
}