







@article{doi:10.1021/acs.analchem.1c03552,
author = {Sarbapalli, Dipobrato and Mishra, Abhiroop and Rodríguez-López, Joaquín},
title = {Pt/Polypyrrole Quasi-References Revisited: Robustness and Application in Electrochemical Energy Storage Research},
journal = {Analytical Chemistry},
volume = {93},
number = {42},
pages = {14048-14052},
year = {2021},
doi = {10.1021/acs.analchem.1c03552},
    note ={PMID: 34644493},

URL = { 
        https://doi.org/10.1021/acs.analchem.1c03552
    
},
eprint = { 
        https://doi.org/10.1021/acs.analchem.1c03552
    
}

}


