







@article{doi:10.1021/acs.analchem.8b05115,
author = {Hui, Jingshu and Gossage, Zachary T. and Sarbapalli, Dipobrato and Hernández-Burgos, Kenneth and Rodríguez-López, Joaquín},
title = {Advanced Electrochemical Analysis for Energy Storage Interfaces},
journal = {Analytical Chemistry},
volume = {91},
number = {1},
pages = {60-83},
year = {2019},
doi = {10.1021/acs.analchem.8b05115},

URL = { 
        https://doi.org/10.1021/acs.analchem.8b05115
    
},
eprint = { 
        https://doi.org/10.1021/acs.analchem.8b05115
    
}

}


