







@article{doi:10.1021/acsami.9b23105,
author = {Nijamudheen, A. and Sarbapalli, Dipobrato and Hui, Jingshu and Rodríguez-López, Joaquín and Mendoza-Cortes, Jose L.},
title = {Impact of Surface Modification on the Lithium, Sodium, and Potassium Intercalation Efficiency and Capacity of Few-Layer Graphene Electrodes},
journal = {ACS Applied Materials \& Interfaces},
volume = {0},
number = {0},
pages = {null},
year = {0},
doi = {10.1021/acsami.9b23105},
    note ={PMID: 32109048},

URL = { 
        https://doi.org/10.1021/acsami.9b23105
    
},
eprint = { 
        https://doi.org/10.1021/acsami.9b23105
    
}

}


