






@article{doi:10.1080/19648189.2016.1160843,
author = {Dipobrato Sarbapalli and Yash Dhabalia and Kaustav Sarkar and Bishwajit Bhattacharjee},
title = {Application of SAP and PEG as curing agents for ordinary cement-based systems: impact on the early age properties of paste and mortar with water-to-cement ratio of 0.4 and above},
journal = {European Journal of Environmental and Civil Engineering},
volume = {21},
number = {10},
pages = {1237-1252},
year  = {2017},
publisher = {Taylor & Francis},
doi = {10.1080/19648189.2016.1160843},

URL = { 
        https://doi.org/10.1080/19648189.2016.1160843
    
},
eprint = { 
        https://doi.org/10.1080/19648189.2016.1160843
    
}

}


